@article{Bergou2010,
    author = {Bergou, Mikl\'{o}s and Audoly, Basile and Vouga, Etienne and Wardetzky, Max and Grinspun, Eitan},
    title = {Discrete Viscous Threads},
    journal = {ACM Trans. Graph.},
    issue_date = {July 2010},
    volume = {29},
    number = {4},
    month = jul,
    year = {2010},
    issn = {0730-0301},
    pages = {116:1--116:10},
    articleno = {116},
    numpages = {10},
    url = {http://doi.acm.org/10.1145/1778765.1778853},
    doi = {10.1145/1778765.1778853},
    acmid = {1778853},
    publisher = {ACM},
    address = {New York, NY, USA},
    keywords = {Rayleigh analogy, coiling, elastic rods, hair simulation, viscous threads},
}

@article{Perez2015,
    author = {P{\'e}rez, Jes\'{u}s and Thomaszewski, Bernhard and Coros, Stelian and Bickel, Bernd and Canabal, Jos{\'e} A. and Sumner, Robert and Otaduy, Miguel A.},
    title = {Design and Fabrication of Flexible Rod Meshes},
    journal = {ACM Trans. Graph.},
    issue_date = {August 2015},
    volume = {34},
    number = {4},
    month = jul,
    year = {2015},
    issn = {0730-0301},
    pages = {138:1--138:12},
    articleno = {138},
    numpages = {12},
    url = {http://doi.acm.org/10.1145/2766998},
    doi = {10.1145/2766998},
    acmid = {2766998},
    publisher = {ACM},
    address = {New York, NY, USA},
    keywords = {fabrication, material design, rods},
} 
